@article{DBLP:journals/ijfcs/XuanFJ03,
  author    = {Binh{-}Minh Bui{-}Xuan and
               Afonso Ferreira and
               Aubin Jarry},
  title     = {Computing Shortest, Fastest, and Foremost Journeys in Dynamic Networks},
  journal   = {Int. J. Found. Comput. Sci.},
  volume    = {14},
  number    = {2},
  pages     = {267--285},
  year      = {2003},
  url       = {https://doi.org/10.1142/S0129054103001728},
  doi       = {10.1142/S0129054103001728},
  timestamp = {Sat, 27 May 2017 14:23:38 +0200},
  biburl    = {https://dblp.org/rec/bib/journals/ijfcs/XuanFJ03},
  bibsource = {dblp computer science bibliography, https://dblp.org}
}

@article{DBLP:journals/paapp/CasteigtsFQS12,
  author    = {Arnaud Casteigts and
               Paola Flocchini and
               Walter Quattrociocchi and
               Nicola Santoro},
  title     = {Time-varying graphs and dynamic networks},
  journal   = {{IJPEDS}},
  volume    = {27},
  number    = {5},
  pages     = {387--408},
  year      = {2012},
  url       = {https://doi.org/10.1080/17445760.2012.668546},
  doi       = {10.1080/17445760.2012.668546},
  timestamp = {Sat, 20 May 2017 00:22:18 +0200},
  biburl    = {https://dblp.org/rec/bib/journals/paapp/CasteigtsFQS12},
  bibsource = {dblp computer science bibliography, https://dblp.org}
}

@article{DBLP:journals/jcss/KempeKK02,
  author    = {David Kempe and
               Jon M. Kleinberg and
               Amit Kumar},
  title     = {Connectivity and Inference Problems for Temporal Networks},
  journal   = {J. Comput. Syst. Sci.},
  volume    = {64},
  number    = {4},
  pages     = {820--842},
  year      = {2002},
  url       = {https://doi.org/10.1006/jcss.2002.1829},
  doi       = {10.1006/jcss.2002.1829},
  timestamp = {Sat, 20 May 2017 00:25:56 +0200},
  biburl    = {https://dblp.org/rec/bib/journals/jcss/KempeKK02},
  bibsource = {dblp computer science bibliography, https://dblp.org}
}

@article{DBLP:journals/mst/AkridaGMS17,
  author    = {Eleni C. Akrida and
               Leszek Gasieniec and
               George B. Mertzios and
               Paul G. Spirakis},
  title     = {The Complexity of Optimal Design of Temporally Connected Graphs},
  journal   = {Theory Comput. Syst.},
  volume    = {61},
  number    = {3},
  pages     = {907--944},
  year      = {2017},
  url       = {https://doi.org/10.1007/s00224-017-9757-x},
  doi       = {10.1007/s00224-017-9757-x},
  timestamp = {Tue, 22 Aug 2017 17:02:38 +0200},
  biburl    = {https://dblp.org/rec/bib/journals/mst/AkridaGMS17},
  bibsource = {dblp computer science bibliography, https://dblp.org}
}

@article{DBLP:journals/corr/abs-1710-04073,
  author    = {Matthieu Latapy and
               Tiphaine Viard and
               Cl{\'{e}}mence Magnien},
  title     = {Stream Graphs and Link Streams for the Modeling of Interactions over
               Time},
  journal   = {CoRR},
  volume    = {abs/1710.04073},
  year      = {2017},
  url       = {http://arxiv.org/abs/1710.04073},
  archivePrefix = {arXiv},
  eprint    = {1710.04073},
  timestamp = {Wed, 01 Nov 2017 19:05:42 +0100},
  biburl    = {https://dblp.org/rec/bib/journals/corr/abs-1710-04073},
  bibsource = {dblp computer science bibliography, https://dblp.org}
}

@inproceedings{DBLP:conf/wea/DellingDPW15,
  author    = {Daniel Delling and
               Julian Dibbelt and
               Thomas Pajor and
               Renato F. Werneck},
  title     = {Public Transit Labeling},
  booktitle = {Experimental Algorithms - 14th International Symposium, {SEA} 2015,
               Paris, France, June 29 - July 1, 2015, Proceedings},
  pages     = {273--285},
  year      = {2015},
  crossref  = {DBLP:conf/wea/2015},
  url       = {https://doi.org/10.1007/978-3-319-20086-6_21},
  doi       = {10.1007/978-3-319-20086-6_21},
  timestamp = {Wed, 17 May 2017 10:54:02 +0200},
  biburl    = {https://dblp.org/rec/bib/conf/wea/DellingDPW15},
  bibsource = {dblp computer science bibliography, https://dblp.org}
}

@article{DBLP:journals/sigact/KuhnO11,
  author    = {Fabian Kuhn and
               Rotem Oshman},
  title     = {Dynamic networks: models and algorithms},
  journal   = {{SIGACT} News},
  volume    = {42},
  number    = {1},
  pages     = {82--96},
  year      = {2011},
  url       = {http://doi.acm.org/10.1145/1959045.1959064},
  doi       = {10.1145/1959045.1959064},
  timestamp = {Wed, 20 Apr 2011 15:34:00 +0200},
  biburl    = {https://dblp.org/rec/bib/journals/sigact/KuhnO11},
  bibsource = {dblp computer science bibliography, https://dblp.org}
}

@inproceedings{DBLP:conf/stoc/KuhnLO10,
  author    = {Fabian Kuhn and
               Nancy A. Lynch and
               Rotem Oshman},
  title     = {Distributed computation in dynamic networks},
  booktitle = {Proceedings of the 42nd {ACM} Symposium on Theory of Computing, {STOC}
               2010, Cambridge, Massachusetts, USA, 5-8 June 2010},
  pages     = {513--522},
  year      = {2010},
  crossref  = {DBLP:conf/stoc/2010},
  url       = {http://doi.acm.org/10.1145/1806689.1806760},
  doi       = {10.1145/1806689.1806760},
  timestamp = {Fri, 12 Oct 2012 12:16:22 +0200},
  biburl    = {https://dblp.org/rec/bib/conf/stoc/KuhnLO10},
  bibsource = {dblp computer science bibliography, https://dblp.org}
}

@inproceedings{DBLP:conf/icalp/AvinKL08,
  author    = {Chen Avin and
               Michal Kouck{\'{y}} and
               Zvi Lotker},
  title     = {How to Explore a Fast-Changing World (Cover Time of a Simple Random
               Walk on Evolving Graphs)},
  booktitle = {Automata, Languages and Programming, 35th International Colloquium,
               {ICALP} 2008, Reykjavik, Iceland, July 7-11, 2008, Proceedings, Part
               {I:} Tack {A:} Algorithms, Automata, Complexity, and Games},
  pages     = {121--132},
  year      = {2008},
  crossref  = {DBLP:conf/icalp/2008-1},
  url       = {https://doi.org/10.1007/978-3-540-70575-8_11},
  doi       = {10.1007/978-3-540-70575-8_11},
  timestamp = {Sat, 16 Sep 2017 12:09:51 +0200},
  biburl    = {https://dblp.org/rec/bib/conf/icalp/AvinKL08},
  bibsource = {dblp computer science bibliography, https://dblp.org}
}

@article{DBLP:journals/rfc/rfc4838,
  author    = {Vinton G. Cerf and
               Scott C. Burleigh and
               Adrian Hooke and
               Leigh Torgerson and
               Robert C. Durst and
               Keith L. Scott and
               Kevin Fall and
               Howard S. Weiss},
  title     = {Delay-Tolerant Networking Architecture},
  journal   = {{RFC}},
  volume    = {4838},
  pages     = {1--35},
  year      = {2007},
  url       = {https://doi.org/10.17487/RFC4838},
  doi       = {10.17487/RFC4838},
  timestamp = {Tue, 28 Nov 2017 13:58:46 +0100},
  biburl    = {https://dblp.org/rec/bib/journals/rfc/rfc4838},
  bibsource = {dblp computer science bibliography, https://dblp.org}
}
